%%%%%%%%%%%%%%%%%%%%%%%%%%%%%%%%%%%%%%%%%%%%%%%%%%%%%%%%%%%%%%%%%%%%%%%%%%%%%%%%
%%
%%  Example .bib references
%%
%%  Use the label (first entry) to cite a reference with \cite{label} in your
%%  document. This example bibliography contains a number of examples of different
%%  references. Consult http://www.bibtex.org/ for more information.
%%
%%%%%%%%%%%%%%%%%%%%%%%%%%%%%%%%%%%%%%%%%%%%%%%%%%%%%%%%%%%%%%%%%%%%%%%%%%%%%%%%
@misc{avtest,
  author       = {AVTest},
  title        = {{Malware Statistics}},
  howpublished = {\url{https://www.av-test.org/en/statistics/malware/}},
  year         = {2021},
  note         = {[Online; accessed 26-Dec-2021]}
}
@misc{ist,
  author       = {Symantec},
  title        = {{Internet Security Threat Report Volume 24}},
  howpublished = {\url{https://docs.broadcom.com/doc/istr-24-2019-en}},
  year         = {2019},
  note         = {[Online; accessed 26-Dec-2021]}
}
@misc{arntz_2016,
  title   = {Explained: Domain Generating Algorithm},
  url     = {https://blog.malwarebytes.com/security-world/2016/12/explained-domain-generating-algorithm/},
  journal = {https://www.malwarebytes.com/},
  author  = {Arntz, Pieter},
  year    = {2016},
  month   = {Dec}
} 
@manual{Gradient_Descent,
  author = {Claude Lemarechal},
  title  = {Cauchy and the Gradient Method},
  year   = {2010},
  note   = {\url{https://www.math.uni-bielefeld.de/documenta/vol-ismp/40_lemarechal-claude.pdf}}
}
@article{Tan_h,
  author    = {Yann LeCun, Leon Bottou and Genevieve B. Orr and Klaus-Robert MÃ¼ller},
  title     = {Efficient BackProp},
  journal   = {Image Processing Research Department AT\&T Labs},
  year      = {1998},
  pages     = {1-12},
  publisher = {Willamette University}
}
@article{Unsupervised,
  author    = {Krishnan, S. and Monrose, F. and Mchugh, J.},
  title     = {Crossing the threshold: Detecting network malfeasance via sequential hypothesis testing},
  journal   = {43 Annual IEEE/IFIP International Conference on Dependable Systems and Networks},
  year      = {2013},
  pages     = {1-12},
  publisher = {DSN}
}
@article{DBLP:journals/corr/HeZRS15,
  author     = {Kaiming He and
                Xiangyu Zhang and
                Shaoqing Ren and
                Jian Sun},
  title      = {Deep Residual Learning for Image Recognition},
  journal    = {CoRR},
  volume     = {abs/1512.03385},
  year       = {2015},
  url        = {http://arxiv.org/abs/1512.03385},
  eprinttype = {arXiv},
  eprint     = {1512.03385},
  timestamp  = {Wed, 17 Apr 2019 17:23:45 +0200},
  biburl     = {https://dblp.org/rec/journals/corr/HeZRS15.bib},
  bibsource  = {dblp computer science bibliography, https://dblp.org}
}
@article{DBLP:journals/corr/abs-1810-04805,
  author     = {Jacob Devlin and
                Ming{-}Wei Chang and
                Kenton Lee and
                Kristina Toutanova},
  title      = {{BERT:} Pre-training of Deep Bidirectional Transformers for Language
                Understanding},
  journal    = {CoRR},
  volume     = {abs/1810.04805},
  year       = {2018},
  url        = {http://arxiv.org/abs/1810.04805},
  eprinttype = {arXiv},
  eprint     = {1810.04805},
  timestamp  = {Tue, 30 Oct 2018 20:39:56 +0100},
  biburl     = {https://dblp.org/rec/journals/corr/abs-1810-04805.bib},
  bibsource  = {dblp computer science bibliography, https://dblp.org}
}
@article{Sanh2019DistilBERTAD,
  title   = {DistilBERT, a distilled version of BERT: smaller, faster, cheaper and lighter},
  author  = {Victor Sanh and Lysandre Debut and Julien Chaumond and Thomas Wolf},
  journal = {ArXiv},
  year    = {2019},
  volume  = {abs/1910.01108}
}
@article{Transformers,
  author     = {Ashish Vaswani and
                Noam Shazeer and
                Niki Parmar and
                Jakob Uszkoreit and
                Llion Jones and
                Aidan N. Gomez and
                Lukasz Kaiser and
                Illia Polosukhin},
  title      = {Attention Is All You Need},
  journal    = {CoRR},
  volume     = {abs/1706.03762},
  year       = {2017},
  url        = {http://arxiv.org/abs/1706.03762},
  eprinttype = {arXiv},
  eprint     = {1706.03762},
  timestamp  = {Sat, 23 Jan 2021 01:20:40 +0100},
  biburl     = {https://dblp.org/rec/journals/corr/VaswaniSPUJGKP17.bib},
  bibsource  = {dblp computer science bibliography, https://dblp.org}
}
@misc{sts,
  author       = {{Andrew Ng - Stanford University}},
  title        = {Sequence to Sequence Model},
  howpublished = {\textsc{url:}~\url{https://cs230.stanford.edu/files/C5M3.pdf}},
  organization = {Stanford University},
  urldate      = {2019-01-06}
}

@article{ffn,
  author  = {Sazli, Murat},
  year    = {2006},
  month   = {01},
  pages   = {11-17},
  title   = {A brief review of feed-forward neural networks},
  volume  = {50},
  journal = {Communications, Faculty Of Science, University of Ankara},
  doi     = {10.1501/0003168}
}

@inproceedings{Chang_Lin,
  title     = {On similarities of string and query sequence for DGA botnet detection},
  author    = {Chang, {Chun De} and Lin, {Hui Tang}},
  year      = {2018},
  month     = apr,
  day       = {19},
  doi       = {10.1109/ICOIN.2018.8343094},
  language  = {English},
  series    = {International Conference on Information Networking},
  publisher = {IEEE Computer Society},
  pages     = {104--109},
  booktitle = {32nd International Conference on Information Networking, ICOIN 2018},
  address   = {United States}
}

@article{Zhou2013DGABasedBD,
  author  = {Yonglin Zhou and Qingshan Li and Qidi Miao and Kangbin Yim},
  title   = {DGA-Based Botnet Detection Using DNS Traffic},
  journal = {J. Internet Serv. Inf. Secur.},
  year    = {2013},
  volume  = {3},
  pages   = {116-123}
}

@inproceedings{Antonakakis,
  author    = {Antonakakis, Manos and Perdisci, Roberto and Nadji, Yacin and Vasiloglou, Nikolaos and Abu-Nimeh, Saeed and Lee, Wenke and Dagon, David},
  title     = {From Throw-Away Traffic to Bots: Detecting the Rise of DGA-Based Malware},
  booktitle = {USENIX Security Symposium},
  year      = {2012},
  publisher = {USENIX Association},
  address   = {USA},
  pages     = {24},
  numpages  = {1},
  location  = {Bellevue, WA},
  series    = {Security'12}
}

@article{Woodbridge,
  author     = {Jonathan Woodbridge and Hyrum S. Anderson and Anjum Ahuja and Daniel Grant},
  title      = {Predicting Domain Generation Algorithms with Long Short-Term Memory Networks},
  journal    = {CoRR},
  volume     = {abs/1611.00791},
  year       = {2016},
  url        = {http://arxiv.org/abs/1611.00791},
  eprinttype = {arXiv},
  eprint     = {1611.00791},
  timestamp  = {Mon, 13 Aug 2018 16:46:33 +0200},
  biburl     = {https://dblp.org/rec/journals/corr/WoodbridgeAAG16.bib},
  bibsource  = {dblp computer science bibliography, https://dblp.org}
}

@article{TRAN20182401,
  author   = {Duc Tran and Hieu Mac and Van Tong and Hai Anh Tran and Linh Giang Nguyen},
  title    = {A LSTM based framework for handling multiclass imbalance in DGA botnet detection},
  journal  = {Neurocomputing},
  volume   = {275},
  pages    = {2401-2413},
  year     = {2018},
  issn     = {0925-2312},
  doi      = {https://doi.org/10.1016/j.neucom.2017.11.018},
  url      = {https://www.sciencedirect.com/science/article/pii/S0925231217317320},
  keywords = {Multiclass imbalance, Long Short-Term Memory Networks, LSTM, Cost-sensitive learning}
}

@article{Chen,
  author  = {Chen, Yijing and Pang, Bo and Shao, Guolin and Wen, Guozhu and Chen, Xingshu},
  journal = {Tsinghua Science and Technology},
  title   = {DGA-based botnet detection toward imbalanced multiclass learning},
  year    = {2021},
  volume  = {26},
  number  = {4},
  pages   = {387-402},
  doi     = {10.26599/TST.2020.9010021}
}

@article{Highnam,
  author     = {Kate Highnam and
                Domenic Puzio and
                Song Luo and
                Nicholas R. Jennings},
  title      = {Real-Time Detection of Dictionary {DGA} Network Traffic using Deep Learning},
  journal    = {CoRR},
  volume     = {abs/2003.12805},
  year       = {2020},
  url        = {https://arxiv.org/abs/2003.12805},
  eprinttype = {arXiv},
  eprint     = {2003.12805},
  timestamp  = {Wed, 01 Apr 2020 17:39:11 +0200},
  biburl     = {https://dblp.org/rec/journals/corr/abs-2003-12805.bib},
  bibsource  = {dblp computer science bibliography, https://dblp.org}
}
@article{Lison,
  author     = {Pierre Lison and
                Vasileios Mavroeidis},
  title      = {Automatic Detection of Malware-Generated Domains with Recurrent Neural
                Models},
  journal    = {CoRR},
  volume     = {abs/1709.07102},
  year       = {2017},
  url        = {http://arxiv.org/abs/1709.07102},
  eprinttype = {arXiv},
  eprint     = {1709.07102},
  timestamp  = {Mon, 13 Aug 2018 16:47:14 +0200},
  biburl     = {https://dblp.org/rec/journals/corr/abs-1709-07102.bib},
  bibsource  = {dblp computer science bibliography, https://dblp.org}
}
@inproceedings{Koh,
  author    = {Koh, Joewie J. and Rhodes, Barton},
  booktitle = {2018 IEEE International Conference on Big Data (Big Data)},
  title     = {Inline Detection of Domain Generation Algorithms with Context-Sensitive Word Embeddings},
  year      = {2018},
  volume    = {},
  number    = {},
  pages     = {2966-2971},
  doi       = {10.1109/BigData.2018.8622066}
}
@article{Dying_ReLU,
  title     = {Dying ReLU and Initialization: Theory and Numerical Examples},
  volume    = {28},
  issn      = {1991-7120},
  url       = {http://dx.doi.org/10.4208/cicp.OA-2020-0165},
  doi       = {10.4208/cicp.oa-2020-0165},
  number    = {5},
  journal   = {Communications in Computational Physics},
  publisher = {Global Science Press},
  author    = {Lu, Lu},
  year      = {2020},
  month     = {Jun},
  pages     = {1671â1706}
}
@article{BooksCorpus,
  author     = {Yukun Zhu and
                Ryan Kiros and
                Richard S. Zemel and
                Ruslan Salakhutdinov and
                Raquel Urtasun and
                Antonio Torralba and
                Sanja Fidler},
  title      = {Aligning Books and Movies: Towards Story-like Visual Explanations
                by Watching Movies and Reading Books},
  journal    = {CoRR},
  volume     = {abs/1506.06724},
  year       = {2015},
  url        = {http://arxiv.org/abs/1506.06724},
  eprinttype = {arXiv},
  eprint     = {1506.06724},
  timestamp  = {Mon, 13 Aug 2018 16:47:54 +0200},
  biburl     = {https://dblp.org/rec/journals/corr/ZhuKZSUTF15.bib},
  bibsource  = {dblp computer science bibliography, https://dblp.org}
}
@article{ColBERT,
  author     = {Issa Annamoradnejad},
  title      = {ColBERT: Using {BERT} Sentence Embedding for Humor Detection},
  journal    = {CoRR},
  volume     = {abs/2004.12765},
  year       = {2020},
  url        = {https://arxiv.org/abs/2004.12765},
  eprinttype = {arXiv},
  eprint     = {2004.12765},
  timestamp  = {Thu, 14 Oct 2021 09:18:19 +0200},
  biburl     = {https://dblp.org/rec/journals/corr/abs-2004-12765.bib},
  bibsource  = {dblp computer science bibliography, https://dblp.org}
}
@article{Anderson,
  author     = {Hyrum S. Anderson and
                Jonathan Woodbridge and
                Bobby Filar},
  title      = {DeepDGA: Adversarially-Tuned Domain Generation and Detection},
  journal    = {CoRR},
  volume     = {abs/1610.01969},
  year       = {2016},
  url        = {http://arxiv.org/abs/1610.01969},
  eprinttype = {arXiv},
  eprint     = {1610.01969},
  timestamp  = {Mon, 13 Aug 2018 16:48:04 +0200},
  biburl     = {https://dblp.org/rec/journals/corr/AndersonWF16.bib},
  bibsource  = {dblp computer science bibliography, https://dblp.org}
}
@article{maiya2020ktrain,
  title         = {ktrain: A Low-Code Library for Augmented Machine Learning},
  author        = {Arun S. Maiya},
  year          = {2020},
  eprint        = {2004.10703},
  archiveprefix = {arXiv},
  primaryclass  = {cs.LG},
  journal       = {arXiv preprint arXiv:2004.10703}
}
@misc{chollet2015keras,
  title        = {Keras},
  author       = {Chollet, Fran\c{c}ois and others},
  year         = {2015},
  howpublished = {\url{https://keras.io}}
} 
@inproceedings{sklearn_api,
  author    = {Lars Buitinck and Gilles Louppe and Mathieu Blondel and
               Fabian Pedregosa and Andreas Mueller and Olivier Grisel and
               Vlad Niculae and Peter Prettenhofer and Alexandre Gramfort
               and Jaques Grobler and Robert Layton and Jake VanderPlas and
               Arnaud Joly and Brian Holt and Ga{\"{e}}l Varoquaux},
  title     = {{API} design for machine learning software: experiences from the scikit-learn
               project},
  booktitle = {ECML PKDD Workshop: Languages for Data Mining and Machine Learning},
  year      = {2013},
  pages     = {108--122}
}
@article{Tranco,
  author     = {Victor Le Pochat and
                Tom van Goethem and
                Wouter Joosen},
  title      = {Rigging Research Results by Manipulating Top Websites Rankings},
  journal    = {CoRR},
  volume     = {abs/1806.01156},
  year       = {2018},
  url        = {http://arxiv.org/abs/1806.01156},
  eprinttype = {arXiv},
  eprint     = {1806.01156},
  timestamp  = {Mon, 13 Aug 2018 16:46:51 +0200},
  biburl     = {https://dblp.org/rec/journals/corr/abs-1806-01156.bib},
  bibsource  = {dblp computer science bibliography, https://dblp.org}
}
@article{UMUDGA,
  author  = {Zago, Mattia and PÃ©rez, Manuel and Martinez Perez, Gregorio},
  year    = {2020},
  month   = {05},
  pages   = {101719},
  title   = {UMUDGA: a dataset for profiling DGA-based botnet},
  volume  = {92},
  journal = {Computers \& Security},
  doi     = {10.1016/j.cose.2020.101719}
}
@article{WordPiece,
  author     = {Yonghui Wu and
                Mike Schuster and
                Zhifeng Chen and
                Quoc V. Le and
                Mohammad Norouzi and
                Wolfgang Macherey and
                Maxim Krikun and
                Yuan Cao and
                Qin Gao and
                Klaus Macherey and
                Jeff Klingner and
                Apurva Shah and
                Melvin Johnson and
                Xiaobing Liu and
                Lukasz Kaiser and
                Stephan Gouws and
                Yoshikiyo Kato and
                Taku Kudo and
                Hideto Kazawa and
                Keith Stevens and
                George Kurian and
                Nishant Patil and
                Wei Wang and
                Cliff Young and
                Jason Smith and
                Jason Riesa and
                Alex Rudnick and
                Oriol Vinyals and
                Greg Corrado and
                Macduff Hughes and
                Jeffrey Dean},
  title      = {Google's Neural Machine Translation System: Bridging the Gap between
                Human and Machine Translation},
  journal    = {CoRR},
  volume     = {abs/1609.08144},
  year       = {2016},
  url        = {http://arxiv.org/abs/1609.08144},
  eprinttype = {arXiv},
  eprint     = {1609.08144},
  timestamp  = {Thu, 14 Jan 2021 12:12:19 +0100},
  biburl     = {https://dblp.org/rec/journals/corr/WuSCLNMKCGMKSJL16.bib},
  bibsource  = {dblp computer science bibliography, https://dblp.org}
}
@article{Learning_Rate,
  author     = {Leslie N. Smith},
  title      = {No More Pesky Learning Rate Guessing Games},
  journal    = {CoRR},
  volume     = {abs/1506.01186},
  year       = {2015},
  url        = {http://arxiv.org/abs/1506.01186},
  eprinttype = {arXiv},
  eprint     = {1506.01186},
  timestamp  = {Mon, 13 Aug 2018 16:47:53 +0200},
  biburl     = {https://dblp.org/rec/journals/corr/Smith15a.bib},
  bibsource  = {dblp computer science bibliography, https://dblp.org}
}
@article{cycle_learning_rate,
  author     = {Leslie N. Smith},
  title      = {A disciplined approach to neural network hyper-parameters: Part 1
                - learning rate, batch size, momentum, and weight decay},
  journal    = {CoRR},
  volume     = {abs/1803.09820},
  year       = {2018},
  url        = {http://arxiv.org/abs/1803.09820},
  eprinttype = {arXiv},
  eprint     = {1803.09820},
  timestamp  = {Mon, 13 Aug 2018 16:46:45 +0200},
  biburl     = {https://dblp.org/rec/journals/corr/abs-1803-09820.bib},
  bibsource  = {dblp computer science bibliography, https://dblp.org}
}